% Discography

@music{guaraldi:flower,
  author      = {Guaraldi, Vince},
  title       = {A Flower is a Lovesome Thing},
  series      = {Reissued, Original Jazz Classics},
  number      = {OJCCD-235-2},
  year        = {1995},
  origdate    = {1958},
  type        = {CD},
  userd       = {Fantasy 3-257,}
}
