@String{
  MTS = {Music Theory Spectrum},
  smt = {paper presented at the annual meeting of the Society for Music
    Theory},
}

@phdthesis{arthurs.2011,
  author = {Arthurs, Daniel},
  title = {Reconstructing Tonal Principles in the Music of {Brad Mehldau}},
  school = {Indiana University},
  year = {2011},
  month = may
}

@book{baker.tunes,
  author = {Baker, David},
  title = {How to Learn Tunes},
  publisher = {Jamey Aebersold Jazz},
  year = {1997},
  address = {New Albany, IN},
}

@book{berklee.harmony,
  author = {Mulholland, Joe and Hojnacki, Tom},
  title = {The Berklee Book of Jazz Harmony},
  shorttitle = {Berklee Book of Jazz Harmony},
  publisher = {Berklee Press},
  year = {2013},
  address = {Boston}
}

@article{biamonte.2008,
  author = {Biamonte, Nicole},
  title = {Augmented-Sixth Chords vs. Tritone Substitutes},
  journal = {Music Theory Online},
  year = {2008},
  volume = {14},
  number = {2},
  month = jun
}

@phdthesis{bishop.2012,
  author = {Bishop, John},
  title = {A Permutational Triadic Approach to Jazz Harmony and the Chord/Scale Relationship},
  school = {Louisiana State University},
  year = {2012}
}

@article{callender.1998,
  author = {Callender, Clifton},
  title = {Voice-Leading Parsimony in the Music of Alexander Scriabin},
  journal = {Journal of Music Theory},
  year = {1998},
  volume = {42},
  number = {2},
  pages = {219--33}
}

@article{cqt.2008,
  author = {Callender, Clifton and Quinn, Ian and Tymoczko, Dmitri},
  title = {Generalized Voice-Leading Spaces},
  journal = {Science},
  year = {2008},
  volume = {320},
  number = {5874},
  pages = {346--48},
  month = apr
}

@article{capuzzo.2004,
  author = {Capuzzo, Guy},
  title = {Neo-Riemannian Theory and the Analysis of Pop-Rock Music},
  journal = {Music Theory Spectrum},
  year = {2004},
  volume = {26},
  number = {2},
  pages = {177--99},
  month = oct
}

@article{capuzzo.2006,
  author = {Capuzzo, Guy},
  title = {{Pat Martino's} {The Nature of the Guitar}: An Intersection of Jazz Theory and {Neo-Riemannian} Theory},
  journal = {Music Theory Online},
  year = {2006},
  volume = {12},
  number = {1},
  month = feb
}

@article{cohn.intro,
  author = {Cohn, Richard},
  title = {Introduction to Neo-Riemannian Theory: A Survey and a Historical Perspective},
  journal = {Journal of Music Theory},
  year = {1998},
  volume = {42},
  number = {2},
  pages = {167--80},
  month = oct
}

@article{cohn.1996,
  author = {Cohn, Richard},
  title = {Maximally Smooth Cycles, Hexatonic Systems, and the Analysis of
    Late-Romantic Triadic Progressions},
  journal = {Music Analysis},
  year = {1996},
  volume = {15},
  number = {1},
  pages = {9--40},
  month = mar
}

@book{cohn.2012,
  author = {Cohn, Richard},
  title = {Audacious Euphony: Chromatic Harmony and the Triad's Second Nature},
  shorttitle = {{Audacious Euphony}},
  publisher = {Oxford University Press},
  address = {{New York}},
  year = {2012}
}

@book{coker.elements,
  author = {Coker, Jerry},
  title = {Elements of the Jazz Language for the Developing Improvisor},
  shorttitle = {{Elements of the Jazz Language}},
  publisher = {Belwin},
  year = {1991},
  address = {Miami}
}

@article{childs.1998,
  author = {Childs, Adrian P.},
  title = {Moving Beyond Neo-Riemannian Triads: Exploring a Transformational Model for Seventh Chords},
  journal = {Journal of Music Theory},
  year = {1998},
  volume = {42},
  number = {2},
  pages = {181--93},
  month = oct
}

@article{demsey.1991,
  author = {Demsey, David},
  title = {Chromatic Third Relations in the Music of John Coltrane},
  journal = {Annual Review of Jazz Studies},
  year = {1991},
  volume = {5},
  pages = {145--80}
}

@article{douthettsteinbach.1998,
  author = {Douthett, Jack and Steinbach, Peter},
  title = {Parsimonious Graphs: A Study in Parsimony, Contextual Transformations, and Modes of Limited Transposition},
  shorttitle = {Parsimonious Graphs},
  journal = {Journal of Music Theory},
  year = {1998},
  volume = {42},
  number = {2},
  pages = {241--63}
}

@book{forte.1995,
  author = {Forte, Allen},
  title = {The American Popular Ballad of the Golden Era, 1924--1950},
  publisher = {Princeton University Press},
  year = {1995}
}


@book{gjerdingen.2007,
  author = {Gjerdingen, Robert},
  title = {Music in the Galant Style},
  address = {New York},
  publisher = {Oxford University Press},
  year = {2007},
}

@article{gollin.1998,
  author = {Gollin, Edward},
  title = {Some Aspects of Three-Dimensional \mkbibquote{Tonnetze}},
  journal = {Journal of Music Theory},
  year = {1998},
  volume = {42},
  number = {2},
  pages = {195--206}
}

@article{goodheart.2001,
  author = {Goodheart, Matthew},
  title = {The \mkbibquote{Giant Steps} Fragment},
  journal = {Perspectives of New Music},
  year = {2001},
  volume = {39},
  number = {2},
  month = jul
}

@phdthesis{heyer.2011,
  author = {Heyer, David J.},
  title = {Vocabulary, Voice Leading, and Motivic Coherence in Chet Baker's
    Improvisations},
  school = {University of Oregon},
  year = {2011}
}

@article{heyer.2012,
  author = {Heyer, David J.},
  title = {Applying Schenkerian Theory to Mainstream Jazz: A Justification for
    an Orthodox Approach},
  journal = {Music Theory Online},
  year = {2012},
  volume = {18},
  number = {3},
  month = sep
}

@article{hook.2002,
  author = {Hook, Julian},
  title = {Uniform Triadic Transformations},
  journal = {Journal of Music Theory},
  year = {2002},
  volume = {46},
  number = {1/2},
  pages = {57--126},
  issue = "Spring--Autumn"
}

@article{hook.2007,
  author = {Hook, Julian},
  title = {Cross-Type Transformations and the Path Consistency Condition},
  shorttitle = {Cross-Type Transformations},
  journal = {Music Theory Spectrum},
  year = {2007},
  volume = {29},
  number = {1},
  pages = {1--40},
  month = apr
}

@review{hook.2011,
  author = {Hook, Julian},
  title = {Review of Dmitri Tymoczko, \textit{A Geometry of Music: Harmony and
    Counterpoint in the Extended Common Practice} (Oxford University Press, 2011).},
  journal = {Music Theory Online},
  year = {2011},
  volume = {17},
  number = {3},
  month = oct
}

@inproceedings{hook.heptachords,
  author = {Hook, Julian},
  title = {Spelled Heptachords},
  booktitle = {Mathematics and Computation in Music},
  booktitleaddon = {Proceedings of the Third International Conference of the
    Society for Mathematics and Computation in Music, Paris, June 2011},
  editor = {Agon, Carlos and Amiot, Emmanuel and Andreatta, Moreno  and
    Assayag, GÃ©rard and Bresson, Jean and Mandereau, John},
  address = {Heidelberg},
  publisher = {Springer},
  year = {2011},
  pages = {84--97},
}

@book{hook.mst,
  author = {Hook, Julian},
  title = {Musical Spaces and Transformations},
  year = {Forthcoming}
}

@article{larson.1996,
  author = {Larson, Steve},
  title = {Strict Use of Analytic Notation},
  journal = {Journal of Music Theory Pedagogy},
  year = {1996},
  volume = {10},
  pages = {31--71}
}

@article{larson.1998,
  author = {Larson, Steve},
  title = {Schenkerian Analysis of Modern Jazz: Questions about Method},
  journal = {Music Theory Spectrum},
  year = {1998},
  volume = {20},
  number = {2},
  pages = {209--241},
  month = oct
}

@article{larson.2005,
  author = {Larson, Steve},
  title = {Composition versus Improvisation?},
  journal = {Journal of Music Theory},
  year = {2005},
  volume = {49},
  number = {2},
  pages = {241--75},
  month = oct
}

@book{larson.2009,
  author = {Larson, Steve},
  title = {Analyzing Jazz: A Schenkerian Approach},
  shorttitle= {Analyzing Jazz},
  publisher = {Pendragon Press},
  year = {2009},
  address = {Hillsdale, NY}
}

@book{levine.1995,
  author = {Levine, Mark},
  title = {The Jazz Theory Book},
  publisher = {Sher Music},
  year = {1995},
  address = {Petaluma, CA}
}

@book{lewin.gmit,
  author = {Lewin, David},
  title = {Generalized Musical Intervals and Transformations},
  publisher = {Oxford University Press},
  year = {\mkbibbrackets{1987} 2007}
}

@article{love.2009,
  author = {Love, Stefan},
  title = {A Model of Common-Tone Connections Among Jazz Scales},
  journal = {Journal of Music Theory Pedagogy},
  year = {2009},
  volume = {23},
  pages = {155--69}
}

@phdthesis{martin.1980,
  author = {Martin, Henry},
  title = {Jazz Harmony},
  school = {Princeton University},
  year = {1980}
}

@article{martin.1988,
  author = {Martin, Henry},
  title = {Jazz Harmony: A Syntactic Background},
  journal = {Annual Review of Jazz Studies},
  year = {1988},
  volume = {4},
  pages = {9--30}
}

@book{martin.1996,
  author = {Martin, Henry},
  title = {Charlie Parker and Thematic Improvisation},
  address = {Lanham, MD},
  publisher = {Scarecrow Press},
  year = {1996},
}


@article{martin.2011,
  author = {Martin, Henry},
  title = {Schenker and the Tonal Jazz Repertory},
  journal = {Tijdschrift voor Muziektheorie},
  year = {2011},
  volume = {16},
  number = {1},
  pages = {1--20}
}

@article{mcfarland.2012,
  author = {McFarland, Mark},
  title = {Schenker and the Tonal Jazz Repertory: A Response to Martin},
  journal = {Music Theory Online},
  year = {2012},
  volume = {18},
  number = {3},
  month = sep
}

@article{mcgowan.2011,
  author = {McGowan, James},
  title = {Psychoacoustic Foundations of Contextual Harmonic Stability in Jazz
    Piano Voicings},
  journal = {Journal of Jazz Studies},
  year = {2011},
  volume = {7},
  number = {2},
  pages = {156--91},
  month = oct
}

@phdthesis{mcgowan.2005,
  author = {McGowan, James},
  title = {Dynamic Consonance in Selected Piano Performances of Tonal Jazz},
  shorttitle = {Dynamic Consonance},
  school = {Eastman School of Music},
  year = {2005}
}

@unpublished{michaelsen.2012,
  author = {Michaelsen, Garrett},
  title = {Chord-Scale Networks in the Music of Wayne Shorter},
  note = {paper presented at the West Coast Conference of Music Theory and Analysis},
  year = {2012},
  address = {Eugene, OR},
  month = mar
}

@phdthesis{michaelsen.2013,
  author = {Michaelsen, Garrett},
  title = {Analyzing Musical Interaction in Jazz Improvisations of the 1960s},
  school = {Indiana University},
  month = {July},
  year = {2013},
}


@article{neumeyer.2009,
  author = {Neumeyer, David},
  title = {Thematic Reading, Proto-backgrounds, and Registral Transformations},
  journal = {Music Theory Spectrum},
  year = {2009},
  volume = {31},
  number = {2},
  pages = {284--324},
  month = oct
}

@book{pohlert.bh,
  author = {PÃ¶hlert, Werner},
  title = {Basic Harmony},
  translator = {JÃ¼rgen Krohn and Norman Bowie},
  publisher = {Werner PÃ¶hlert Publications},
  year = {1989}
}

@article{pressing.1978,
  author = {Pressing, Jeff},
  title = {Towards an Understanding of Scales in Jazz},
  journal = {Jazzforschung},
  year = {1983},
  volume = {9},
  pages = {25--35}
}

@book{realbook,
  title = {The Real Book},
  sorttitle = {Real Book},
  note = {6th ed.},
  year = {\bibstring{nodate}},
  address = {Milwaukee},
  publisher = {Hal Leonard}
}

@book{rings.2011,
  author = {Rings, Steven},
  title = {Tonality and Transformation},
  publisher = {Oxford University Press},
  address = {New York},
  year = {2011}
}

@incollection{rings.paleo,
  author = {Rings, Steven},
  title = {Riemannian Analytical Values, Paleo- and Neo-},
  booktitle = {The Oxford Handbook of Neo-Riemannian Music Theories},
  year = {2011},
  editor = {Gollin, Edward and Rehding, Alexander},
  pages = {487--511},
  publisher = {Oxford University Press},
  address = {New York}
}

@book{russell.lcc,
  author = {Russell, George},
  title = {The Lydian Chromatic Concept of Tonal Organization},
  shorttitle = {The Lydian Chromatic Concept},
  publisher = {Concept},
  year = {\mkbibbrackets{1953} 2001},
  volume = {1},
  note = {\textit{The Art and Science of Tonal Gravity}},
  address = {Brookline, MA}
}

@article{santa.2003,
  author = {Santa, Matthew},
  title = {Nonatonic Progressions in the Music of John Coltrane},
  journal = {Annual Review of Jazz Studies},
  year = {2003},
  volume = {13},
  pages = {13--25}
}

@article{straus.2003,
  author = {Straus, Joseph},
  title = {Uniformity, Balance, and Smoothness in Atonal Voice Leading},
  journal = {Music Theory Spectrum},
  year = {2003},
  volume = {25},
  number = {2},
  pages = {305--352},
  month = oct
}

@article{strunk.1979,
  author = {Strunk, Steven},
  title = {The Harmony of Early Bop: A Layered Approach},
  shorttitle = {The Harmony of Early Bop},
  sorttitle = {Harmony of Early Bop},
  journal = {Journal of Jazz Studies},
  year = {1979},
  volume = {6},
  pages = {4--53}
}

@article{strunk.1996,
  author = {Strunk, Steven},
  title = {Linear Intervallic Patterns in Jazz Repertory},
  journal = {Annual Review of Jazz Studies},
  year = {1996},
  volume = {8},
  pages = {63--115}
}

@article{tymoczko.1997,
  author = {Tymoczko, Dmitri},
  title = {The Consecutive-Semitone Constraint on Scalar Structure: A Link
    Between Impressionism and Jazz},
  journal = {IntÃ©gral},
  year = {1997},
  volume = {11},
  pages = {135--79}
}

@article{tymoczko.2004,
  author = {Tymoczko, Dmitri},
  title = {Scale Networks and Debussy},
  journal = {Journal of Music Theory},
  year = {2004},
  volume = {48},
  number = {2},
  month = oct
}

@article{tymoczko.2006,
  author = {Tymoczko, Dmitri},
  title = {The Geometry of Musical Chords},
  sorttitle = {Geometry of Musical Chords},
  journal = {Science},
  year = {2006},
  volume = {313},
  number = {5783},
  pages = {72--74},
  month = jul
}

@book{tymoczko.2011,
  author = {Tymoczko, Dmitri},
  title = {A Geometry of Music: Harmony and Counterpoint in the Extended Common Practice},
  shorttitle = {A Geometry of Music},
  sorttitle = {Geometry of Music},
  publisher = {Oxford University Press},
  year = {2011},
  address = {New York}
}


@article{waters.2010,
  author = {Waters, Keith},
  title = {\mkbibquote{Giant Steps} and the ic4 Legacy},
  journal = {IntÃ©gral},
  volume = {24},
  year = {2010},
  pages = {135--62},
}}

@unpublished{waters.2013,
  author = {Waters, Keith},
  title = {Chick Corea, Postbop Harmony, and Jazz's Second Practice},
  note = smt,
  year = {2013},
  address = {Charlotte, NC},
  month = nov
}

@article{waterswilliams.2010,
  author = {Waters, Keith and Williams, J. Kent},
  title = {Modeling Diatonic, Acoustic, Hexatonic, and Octatonic Harmonies and Progressions in Two- and Three-Dimensional Pitch Spaces; or Jazz Harmony after 1960},
  shorttitle = {Jazz Harmony after 1960},
  journal = {Music Theory Online},
  year = {2010},
  volume = {16},
  number = {3},
  month = aug
}

% vim:fdm=syntax
